@book {livro-qualquer,
    author="Autor",
    title="Apenas Um Livro",
    publisher="Editora",
    year=1995,
    edition=1
}

@article {artigo-de-economia,
    author="Fulano",
    title="Artigo de economia",
    journal="Jornal qualquer",
    year=2010,
    month=4
}
